@article{EladAharon2006,
title = {Image Denoising Via Sparse and Redundant Representations Over Learned Dictionaries},
author = {Michael Elad and Michal Aharon},
journal = {IEEE Transactions on image processing},
volume = {15},
number = {12},
year = {2006}
}

@article{TroppGilbert2007,
title = {Signal Recovery From Random Measurements Via Orthogonal Matching Pursuit},
author = {Joel A. Tropp and Anna C. Gilbert},
journal = {IEEE Transactions on information theory},
volume = {53},
number = {12},
year = {2007}
}

@article{ShenHu2009,
title = {Image inpainting via sparse representation},
author = {Bin Shen and Wei Hu et la},
journal = {IEEE International Conference on Acoustics, Speech and Signal Processing},
year = {2009 }
}

@book{Elad2010SparseModeling,
  Title={Sparse and Redundant Representations From Theory to Applications in Signal and Image Processing},
  author={Michael Elad},
  year={2010},
  publisher={Springer New York Dordrecht Heidelberg London}
}


